@techreport{Franke1979,
  author    = {Richard Franke},
  doi       = {10.21236/ada081688},
  month     = dec,
  publisher = {Defense Technical Information Center},
  title     = {A Critical Comparison of Some Methods for Interpolation of Scattered Data},
  url       = {https://doi.org/10.21236/ada081688},
  year      = {1979}
}

@incollection{Garcke2012,
  author    = {Jochen Garcke},
  booktitle = {Lecture Notes in Computational Science and Engineering},
  doi       = {10.1007/978-3-642-31703-3_3},
  pages     = {57--80},
  publisher = {Springer Berlin Heidelberg},
  title     = {Sparse Grids in a Nutshell},
  url       = {http://doi.org/10.1007/978-3-642-31703-3_3},
  year      = {2012}
}

@incollection{Genz1987,
  author    = {Alan Genz},
  booktitle = {Numerical Integration},
  doi       = {10.1007/978-94-009-3889-2_33},
  pages     = {337--340},
  publisher = {Springer Netherlands},
  title     = {A Package for Testing Multiple Integration Subroutines},
  url       = {https://doi.org/10.1007/978-94-009-3889-2_33},
  year      = {1987}
}


@article{Gerstner2003,
  author    = {T. Gerstner and M. Griebel},
  doi       = {10.1007/s00607-003-0015-5},
  journal   = {Computing},
  month     = aug,
  number    = {1},
  pages     = {65--87},
  publisher = {Springer Science and Business Media {LLC}},
  title     = {Dimension Adaptive Tensor Product Quadrature},
  url       = {https://doi.org/10.1007/s00607-003-0015-5},
  volume    = {71},
  year      = {2003}
}

@book{pflueger10spatially,
  address     = {M{\"{u}}nchen},
  author      = {Pfl{\"{u}}ger, Dirk},
  institution = {Institut f{\"{u}}r Informatik, Technische Universit{\"{a}}t M{\"{u}}nchen},
  isbn        = {9783868535556},
  month       = aug,
  publisher   = {Verlag Dr. Hut},
  title       = {Spatially Adaptive Sparse Grids for High-Dimensional Problems},
  url         = {http://www5.in.tum.de/pub/pflueger10spatially.pdf},
  year        = {2010}
}


@inproceedings{smolyak1963quadrature,
  author       = {Smolyak, Sergei Abramovich},
  booktitle    = {Doklady Akademii Nauk},
  number       = {5},
  organization = {Russian Academy of Sciences},
  pages        = {1042--1045},
  title        = {Quadrature and interpolation formulas for tensor products of certain classes of functions},
  volume       = {148},
  year         = {1963}
}